<?xml version="1.0" encoding="UTF-8"?><collection xmlns="http://www.loc.gov/MARC21/slim"><record><leader>00368nam--2200121-i-4500</leader><controlfield tag="001">000001212</controlfield><controlfield tag="002">20161230</controlfield><controlfield tag="005">20161230201024</controlfield><controlfield tag="008">060222s1000------------r-----000-0-eng-d</controlfield><datafield ind1=" " ind2=" " tag="245"><subfield code="a">Rhenium.papers presented at the symposium on rhenium... may 3-4, 1960, chicago, illinois</subfield></datafield><datafield ind1=" " ind2=" " tag="260"><subfield code="a">Amsterdam, Elsevier Publ.Co., 1962. Xii + 225p</subfield></datafield><datafield ind1=" " ind2=" " tag="700"><subfield code="a">Gonser, B. W</subfield></datafield><datafield ind1=" " ind2=" " tag="852"><subfield code="a">18561</subfield></datafield></record></collection>